<?xml version="1.0" encoding="UTF-8"?><collection xmlns="http://www.loc.gov/MARC21/slim"><record><leader>00512nam--2200169-i-4500</leader><controlfield tag="001">000014113</controlfield><controlfield tag="002">20161230</controlfield><controlfield tag="005">20161230201030</controlfield><controlfield tag="008">060222s1000------------r-----000-0-eng-d</controlfield><datafield ind1=" " ind2=" " tag="040"><subfield code="a">IFIN-HH</subfield></datafield><datafield ind1=" " ind2=" " tag="080"><subfield code="a">539.184.50(043)</subfield></datafield><datafield ind1="1" ind2=" " tag="100"><subfield code="a">Brzozowski, Jerzy</subfield></datafield><datafield ind1="1" ind2="0" tag="245"><subfield code="a">Time-resolved studies of atomic and molecular excited states with applications</subfield><subfield code="b">Dissertation</subfield><subfield code="c">Jerzy brzozowski</subfield></datafield><datafield ind1=" " ind2=" " tag="260"><subfield code="a">Stockholm</subfield><subfield code="b">University Of Stockholm</subfield><subfield code="c">1978</subfield></datafield><datafield ind1=" " ind2=" " tag="300"><subfield code="a">52 P</subfield></datafield><datafield ind1=" " ind2=" " tag="852"><subfield code="a">49808</subfield><subfield code="c">539.18</subfield></datafield><datafield ind1=" " ind2=" " tag="CAT"><subfield code="a">Sys</subfield><subfield code="c">20120706</subfield><subfield code="h">130417</subfield></datafield></record></collection>